<record><leader>00000cas a22000007a 4500</leader><controlfield tag="001">16576282</controlfield><controlfield tag="008">870828d1uuu1901pausr ne      0    0eng d</controlfield><datafield ind1=" " ind2=" " tag="010"><subfield code="a">sn 88080890 </subfield></datafield><datafield ind1=" " ind2=" " tag="040"><subfield code="a">NPH</subfield><subfield code="b">eng</subfield><subfield code="c">NPH</subfield><subfield code="d">OCLCQ</subfield></datafield><datafield ind1=" " ind2=" " tag="042"><subfield code="a">msc</subfield></datafield><datafield ind1="0" ind2=" " tag="130"><subfield code="a">Item (York Springs, Pa.)</subfield></datafield><datafield ind1="1" ind2="4" tag="245"><subfield code="a">The item.</subfield></datafield><datafield ind1=" " ind2=" " tag="260"><subfield code="a">York Springs, Pa. :</subfield><subfield code="b">T.L. Boose &amp; Son,</subfield><subfield code="c">-1901.</subfield></datafield><datafield ind1=" " ind2=" " tag="300"><subfield code="a">v. ;</subfield><subfield code="c">28 cm.</subfield></datafield><datafield ind1=" " ind2=" " tag="310"><subfield code="a">Semimonthly</subfield></datafield><datafield ind1="0" ind2=" " tag="362"><subfield code="a">-v. 3, no. 19 (July 19, 1901).</subfield></datafield><datafield ind1=" " ind2=" " tag="588"><subfield code="a">Description based on: Vol. 3, no. 19 (July 19, 1901).</subfield></datafield><datafield ind1=" " ind2=" " tag="752"><subfield code="a">United States</subfield><subfield code="b">Pennsylvania</subfield><subfield code="c">Adams</subfield><subfield code="d">York Springs.</subfield></datafield><datafield ind1="0" ind2="0" tag="785"><subfield code="t">York Springs item</subfield><subfield code="w">(DLC)sn 88080885</subfield></datafield></record>